<record><leader>00000cas a2200000 a 4500</leader><controlfield tag="001">17358919</controlfield><controlfield tag="008">880119d18831888ohucr ne      0    0eng c</controlfield><datafield ind1=" " ind2=" " tag="010"><subfield code="a">sn 88077034 </subfield></datafield><datafield ind1=" " ind2=" " tag="040"><subfield code="a">ONP</subfield><subfield code="b">eng</subfield><subfield code="c">ONP</subfield><subfield code="d">CRL</subfield><subfield code="d">OCLCQ</subfield><subfield code="d">OCLCF</subfield></datafield><datafield ind1=" " ind2=" " tag="042"><subfield code="a">pcc</subfield></datafield><datafield ind1=" " ind2=" " tag="043"><subfield code="a">n-us-oh</subfield></datafield><datafield ind1="0" ind2="0" tag="245"><subfield code="a">Xenia semi-weekly gazette.</subfield></datafield><datafield ind1=" " ind2=" " tag="260"><subfield code="a">Xenia, Ohio :</subfield><subfield code="b">W.B. Chew,</subfield><subfield code="c">1883-1888.</subfield></datafield><datafield ind1=" " ind2=" " tag="310"><subfield code="a">Semiweekly</subfield></datafield><datafield ind1="0" ind2=" " tag="362"><subfield code="a">May 29, 1883-v. 21, no. 1 (Aug. 7, 1888).</subfield></datafield><datafield ind1=" " ind2=" " tag="525"><subfield code="a">Supplements accompany some issues.</subfield></datafield><datafield ind1=" " ind2=" " tag="580"><subfield code="a">Merged with: Semi-weekly torchlight, to form: Xenia semi-weekly gazette and torchlight.</subfield></datafield><datafield ind1=" " ind2="0" tag="651"><subfield code="a">Xenia (Ohio)</subfield><subfield code="v">Newspapers.</subfield></datafield><datafield ind1=" " ind2="0" tag="651"><subfield code="a">Greene County (Ohio)</subfield><subfield code="v">Newspapers.</subfield></datafield><datafield ind1=" " ind2="7" tag="655"><subfield code="a">Newspapers.</subfield><subfield code="2">fast</subfield><subfield code="0">(OCoLC)fst01423814</subfield></datafield><datafield ind1=" " ind2="7" tag="651"><subfield code="a">Ohio</subfield><subfield code="z">Greene County.</subfield><subfield code="2">fast</subfield><subfield code="0">(OCoLC)fst01222047</subfield></datafield><datafield ind1=" " ind2="7" tag="651"><subfield code="a">Ohio</subfield><subfield code="z">Xenia.</subfield><subfield code="2">fast</subfield><subfield code="0">(OCoLC)fst01222784</subfield></datafield><datafield ind1=" " ind2=" " tag="752"><subfield code="a">United States</subfield><subfield code="b">Ohio</subfield><subfield code="c">Greene</subfield><subfield code="d">Xenia.</subfield></datafield><datafield ind1="0" ind2=" " tag="775"><subfield code="t">Xenia daily gazette (Xenia, Ohio : 1881)</subfield><subfield code="w">(DLC)sn 91069677</subfield><subfield code="w">(OCoLC)23936637</subfield></datafield><datafield ind1="0" ind2="0" tag="780"><subfield code="t">Xenia gazette (Xenia, Ohio : 1873)</subfield><subfield code="w">(DLC)sn 88077033</subfield><subfield code="w">(OCoLC)17358914</subfield></datafield><datafield ind1="1" ind2="7" tag="785"><subfield code="t">Semi-weekly torchlight</subfield><subfield code="w">(DLC)sn 88077031</subfield><subfield code="w">(OCoLC)17358905</subfield></datafield><datafield ind1="1" ind2="7" tag="785"><subfield code="t">Xenia semi-weekly gazette and torchlight</subfield><subfield code="w">(DLC)sn 88077035</subfield><subfield code="w">(OCoLC)17358921</subfield></datafield></record>